% This file was created with Citavi 6.19.0.0

@book{Gaida.2021,
 author = {Gaida, Ingo},
 year = {2021},
 title = {{Agiles Arbeiten in der Praxis: Wie Unternehmen besser arbeiten und mehr Werte schaffen}},
 price = {Broschur : EUR 34.99 (DE), EUR 35.97 (AT), CHF 39.00 (freier Preis)},
 address = {Berlin, Germany and Heidelberg},
 publisher = {{Springer Gabler}},
 isbn = {978-3-662-63964-1},
 doi = {10.1007/978-3-662-63965-8}
}


@book{Gluck.2022,
 author = {Gl{\"u}ck, Markus},
 year = {2022},
 title = {{Agile Innovation: Mit neuem Schwung zum Erfolg}},
 price = {Broschur : circa EUR 32.99 (DE), circa EUR 33.92 (AT), circa CHF 36.50 (freier Preis), circa EUR 30.83},
 address = {Wiesbaden and Heidelberg},
 publisher = {{Springer Vieweg}},
 isbn = {978-3-658-37956-8},
 institution = {{Springer Fachmedien Wiesbaden}},
 doi = {10.1007/978-3-658-37957-5}
}


@book{Mucke.2024,
 year = {2024},
 title = {{Agilit{\"a}t im HR-Management: Grundlagen, Konzepte, Impulse}},
 price = {: circa EUR 14.99 (DE), circa EUR 15.41 (AT), circa CHF 17.00 (freier Preis), circa EUR 14.01},
 address = {Berlin and Heidelberg},
 publisher = {{Springer Gabler}},
 isbn = {978-3-662-69177-9},
 series = {essentials},
 editor = {M{\"u}cke, Anja},
 doi = {10.1007/978-3-662-69178-6}
}


@incollection{Mucke.2024b,
 author = {M{\"u}cke, Anja},
 title = {{Agilit{\"a}t was ist das?}},
 pages = {3--28},
 publisher = {{Springer Gabler}},
 isbn = {978-3-662-69177-9},
 series = {essentials},
 editor = {M{\"u}cke, Anja},
 booktitle = {{Agilit{\"a}t im HR-Management}},
 year = {2024},
 address = {Berlin and Heidelberg},
 doi = {10.1007/978-3-662-69178-6{\textunderscore }2}
}


@book{Simschek.2022,
 abstract = {Agilit{\"a}t - was ist das und wie kann man es umsetzen? Die Autoren beantworten verst{\"a}ndlich die wichtigsten Fragen zum Thema Agilit{\"a}t. Der Leser erf{\"a}hrt alles wichtige rundum die Themen Design Thinking, Projektmanagement, Organisation, Zertifizierung und Transformation. Die Leser erhalten Antworten zum Thema im Interview-Stil, erg{\"a}nzt durch hilfreiche Links, Infografiken und einen Glossar. Jedem, der sich f{\"u}r das Thema Agilit{\"a}t interessiert oder konkrete Tipps braucht, wird in diesem Buch weitergeholfen. Auch Leser ohne Vorkenntnisse werden leicht verst{\"a}ndlich durch den Frage-Antwort-Stil an die Thematik herangef{\"u}hrt.},
 author = {Simschek, Roman and {van Bennekum}, Arie},
 year = {2022},
 title = {{Agilit{\"a}t? Frag doch einfach! Klare Antworten aus erster Hand}},
 url = {https://elibrary.utb.de/doi/book/10.36198/9783838557908},
 address = {M{\"u}nchen},
 edition = {2., {\"u}berarbeitee Auflage},
 volume = {5431},
 publisher = {{UVK Verlag}},
 isbn = {9783838557908},
 series = {{UTB}},
 doi = {10.36198/9783838557908}
}

@online{heise.2024,
	author = {Golo Roden},
    publisher = {Heise Medien GmbH \& Co. KG},
	title = {Scrum, {XP} \& Co. – warum keiner mehr agil arbeiten will {\textbar} heise online},
	url = {https://www.heise.de/blog/Scrum-XP-Co-warum-keiner-mehr-agil-arbeiten-will-9846824.html},
    year = {2024},
	urldate = {2024-12-04},
}