@misc{gummi,
	author = {Wikipedia.de},
	howpublished = {\url{https://de.wikipedia.org/wiki/Gummib%C3%A4r}},
	lastchecked = {30.  Sptember 2024},
	title = {Gummib{\"a}r},
	year = {2024}}

@article{Ivory2001,
	author = {Melody Y. Ivory and Marti A. Hearst},
	journal = {ACM Computing Surveys},
	number = {4},
	pages = {470--516},
	title = {The State of the Art in Automating Usability Evaluation of User Interfaces},
	volume = {33},
	year = {2001}}

@misc{ACM2019,
	author = {ACM},
	howpublished = {\url{https://www.acm.org/publications/computing-classification-system/how-to-use}},
	title = {How to Classify Works Using {ACM}'s Computing Classification System},
	year = {2019}}

@inproceedings{Black1988,
	acmid = {69220},
	author = {Black, David L. and Golub, David B. and Hauth, Karl and Tevanian, Avadis and Sanzi, Richard},
	booktitle = {Proceedings of the 1988 ACM SIGPLAN and SIGOPS workshop on Parallel and distributed debugging},
	doi = {10.1145/68210.69220},
	isbn = {0-89791-296-9},
	location = {Madison, Wisconsin, USA},
	numpages = {12},
	pages = {45--56},
	series = {PADD '88},
	title = {The {Mach} Exception Handling Facility},
	url = {http://doi.acm.org/10.1145/68210.69220},
	year = {1988},
	bdsk-url-1 = {http://doi.acm.org/10.1145/68210.69220},
	bdsk-url-2 = {http://dx.doi.org/10.1145/68210.69220}}
